@misc{LevelA1,
	author = "{}",
	title = "JavaScript Tutorial",
	year = 2015,
	note = "See \url{https://www.w3schools.com/js/}"}

@misc{LevelA2,
	author = "{Simplilearn}",
	title = "10 Practical Applications of JavaScript & Tips for a Successful Career",
	year = 2023,
	note = "See \url{https://www.simplilearn.com/applications-of-javascript-article}"}
	
@misc{LevelA3,
	author = "{}",
	title = "Window.alert()",
	year = 2023,
	note = "See \url{https://developer.mozilla.org/en-US/docs/Web/API/Window/alert}"}

 @misc{LevelA4,
	author = "{}",
	title = "console.log()",
	year = 2023,
	note = "See \url{https://developer.mozilla.org/en-US/docs/Web/API/Console/log/}"}

 @misc{LevelA5,
	author = "{Cem Eygi Media}",
	title = "JavaScript Environment Setup (VS Code),",
	year = 2021,
	note = "See \url{https://www.youtube.com/watch?v=TQJizrml2lU&t=3s&ab_channel=CemEygiMedia}"}

  @misc{LevelC1,
	author = "{Priya Pedamkar}",
	title = "Uses of JavaScript,",
	year = 2023,
	note = "See \url{https://www.educba.com/uses-of-javascript/}"}

  @misc{LevelC2,
	author = "{Matteo Possamai}",
	title = "Why You Should and Shouldnâ€™t Choose JavaScript as Your First Programming Language,",
	year = 2022,
	note = "See \url{https://javascript.plainenglish.io/why-you-should-and-shouldnt-choose-javascript-as-your-first-programming-language-195e3cf08e14}"}

  @misc{LevelC3,
	author = "{Simplilearn}",
	title = "JavaScript Frameworks: What Are They and How Do They Work?,",
	year = 2023,
	note = "See \url{https://www.simplilearn.com/javascript-frameworks-what-are-they-how-do-they-work-article#:~:text=In%20a%20similar%20way%2C%20a,application%20they%20are%20working%20on.}"}